@book{book_key,
	address = {City},
	publisher = {Publisher},
	author = {Smith, John},
	title = {Book title},
	year = {2012},
	volume = {3},
	series = {2},
	edition = {1},
	pages = {123--200},
	month = {January}
}

@article{article_key,
	address = {City},
	publisher = {Publisher},
	author = {Smith, James},
	title = {Article title},
	year = {2013},
	volume = {14},
	number = {6},
	pages = {1--8},
	month = {March}
}


%%%%%%%%%%%%%%%%%%%%%%%%%%%%%%%%%%%%%%%%%%%%%%%%%%%%%%%%%%%%%%%%%%%%%%%%%%%%%%%%
%%%%%%%%%%%%%%%%%%%%%%%%%%%%%%%%%%%%%%%%%%%%%%%%%%%%%%%%%%%%%%%%%%%%%%%%%%%%%%%%
%%%%%%%%%%%%%%%%%%%%%%%%%%%%%%%%%%%%%%%%%%%%%%%%%%%%%%%%%%%%%%%%%%%%%%%%%%%%%%%%
@misc{Gradient,
	title = {Gradient. Encyclopedia of Mathematics},
	url = {http://www.encyclopediaofmath.org/index.php?title=Gradient&oldid=28205},
}

@misc{Hessian,
	title = {Hessian of a function. L.D. Ivanov (originator), Encyclopedia of Mathematics},
	url = {http://www.encyclopediaofmath.org/index.php?title=Hessian_of_a_function&oldid=19311},
}

@misc{Jacobian,
	title = {Jacobian. Encyclopedia of Mathematics},
	url = {http://www.encyclopediaofmath.org/index.php?title=Jacobian&oldid=28782},
}

@misc{Taylor,
	title = {Taylor series. Encyclopedia of Mathematics},
	url = {http://www.encyclopediaofmath.org/index.php?title=Taylor_series&oldid=31211},
}