@book{stewart2008calculus,
  title={Calculus: Early Transcendentals},
  author={Stewart, J.},
  edition={6ta},
  isbn={978-0-495-01166-8},
  year={2008},
  publisher={Thomson Learning}
}

@book{telles2015matematica,
  title={Matemática com aplicações tecnológicas - vol.3: cálculo II},
  author={Telles, D.D.A. and Yamashiro, S. and de Oliveira Souza, S.A.},
  isbn={9788521212225},
  series={Matemática com aplicações tecnológicas},
  url={https://books.google.com.br/books?id=sJC6DwAAQBAJ},
  year={2015},
  publisher={Editora Blucher}
}

@book{zhang2017matrix,
  title={Matrix Analysis and Applications},
  author={Zhang, X.},
  isbn={9781108417419},
  lccn={2017033516},
  url={https://books.google.com.br/books?id=YBs0DwAAQBAJ},
  year={2017},
  publisher={Cambridge University Press}
}

@book{golub2013matrix,
  title={Matrix Computations},
  author={Golub, G.H. and Van Loan, C.F.},
  isbn={9781421407944},
  lccn={2012943449},
  series={Johns Hopkins Studies in the Mathematical Sciences},
  url={https://books.google.com.br/books?id=X5YfsuCWpxMC},
  year={2013},
  publisher={Johns Hopkins University Press}
}

%%% Taylor multidimensional
@book{levine1999control,
  title={Control System Fundamentals},
  author={Levine, W.S.},
  isbn={9780849300530},
  lccn={99048036},
  url={https://books.google.com.br/books?id=Kely7tJyhJQC},
  year={1999},
  publisher={Taylor \& Francis}
}

%%%%%%%%%%%%%%%%%%%%%%%%%%%%%%%%%%%%%%%%%%%%%%%%%%%%%%%%%%%%%%%%%%%%%%%%%%%%%%%%
%%%%%%%%%%%%%%%%%%%%%%%%%%%%%%%%%%%%%%%%%%%%%%%%%%%%%%%%%%%%%%%%%%%%%%%%%%%%%%%%
@book{fossa2009introducao,
  title={Introdução às técnicas de demonstração na Matemática},
  author={Fossa, J.A.},
  isbn={9788578610203},
  series={Contextos da ciência},
  url={https://books.google.com.br/books?id=xWI7SkWZgZgC},
  year={2009},
  publisher={LIVRARIA DA FISICA}
}
@book{solow1987como,
  title={Cómo entender y hacer demostraciones en matemáticas},
  author={Solow, D.},
  isbn={9789681821159},
  url={https://books.google.com.br/books?id=pAVHAAAACAAJ},
  year={1987},
  publisher={Limusa}
}
@book{mora2000dicionario,
  title={Dicionário de filosofia. 1. (A - D)},
  author={Mora, J.F.},
  number={v. 1},
  isbn={9788515018697},
  series={Dicionário de filosofia},
  url={https://books.google.com.br/books?id=Tm38cSpH1vAC},
  year={2000},
  publisher={Loyola}
}
@book{de1863ensaio,
  title={Ensaio sobre alguns synonymos da lingua portugueza},
  author={de S. Luiz, F.},
  url={https://books.google.com.br/books?id=fYAQAQAAIAAJ},
  year={1863},
  publisher={Typographia da Academia}
}
%%%%%%%%%%%%%%%%%%%%%%%%%%%%%%%%%%%%%%%%%%%%%%%%%%%%%%%%%%%%%%%%%%%%%%%%%%%%%%%%
%%%%%%%%%%%%%%%%%%%%%%%%%%%%%%%%%%%%%%%%%%%%%%%%%%%%%%%%%%%%%%%%%%%%%%%%%%%%%%%%
%%%%%%%%%%%%%%%%%%%%%%%%%%%%%%%%%%%%%%%%%%%%%%%%%%%%%%%%%%%%%%%%%%%%%%%%%%%%%%%%
@misc{Gradient,
    author = {Encyclopedia of Mathematics},
	title = {Gradient},
	url = {http://www.encyclopediaofmath.org/index.php?title=Gradient&oldid=28205},
}

@misc{Hessian,
    author = {Encyclopedia of Mathematics},
	title = {Hessian of a function. L.D. Ivanov (originator)},
	url = {http://www.encyclopediaofmath.org/index.php?title=Hessian_of_a_function&oldid=19311},
}

@misc{Jacobian,
    author = {Encyclopedia of Mathematics},
	title = {Jacobian},
	url = {http://www.encyclopediaofmath.org/index.php?title=Jacobian&oldid=28782},
}

@misc{Taylor,
    author = {Encyclopedia of Mathematics},
	title = {Taylor series},
	url = {http://www.encyclopediaofmath.org/index.php?title=Taylor_series&oldid=31211},

}
